Month,total_revenue
2010-01,58635.56
2010-02,46207.28
2010-03,45620.46
2010-05,31383.95
2010-06,53860.18
2010-07,45059.05
2010-08,44189.84
2010-09,52532.13
2010-10,57404.91
2010-12,17240.92
2011-01,105452.57
2011-02,71846.91
2011-03,102434.16
2011-04,111954.84
2011-05,81058.60
2011-06,120231.40
2011-07,103612.42
2011-08,87853.67
2011-09,80370.93
2011-10,118145.07
2011-11,165550.36
2011-12,108995.00
